@InProceedings{salazar:1,
  author =       {Bruno Silvestre and Guilherme Salazar},
  title =        {Proposta de Um Modelo para o Processamento de Eventos Concorrentes no ALua},
  booktitle =    {Annals of ENACOMP},
  year =         {2011},
  address =      {Catal√£o, GO}
}
