@string{CVPR     = {{IEEE} Conference on Computer Vision and Pattern Recognition}}

@inproceedings{temlyakov2010,
        AUTHOR = "Temlyakov, A. and Munsell, B.C. and Waggoner, J.W. and Wang, S.",
        TITLE = "Two perceptually motivated strategies for shape classification",
        BOOKTITLE = CVPR,
        YEAR = "2010",
        PAGES = "2289-2296",
        BIBSOURCE = "http://www.visionbib.com/bibliography/match-pl5383dsurf.html#TT50128"}

@inproceedings{zhang2010,
	AUTHOR = {Zhang, Z. and Cao, Y. and Salvi, D. and Oliver, K. and Waggoner, J. W. and Wang, S.},
	TITLE = {Free-shape subwindow search for object localization},
	BOOKTITLE = CVPR,
	YEAR = {2010},
	PAGES = {1086-1093}}
